@article{ruskey2003combinatorial,
  title={Combinatorial generation},
  author={Ruskey, Frank},
  journal={Preliminary working draft. University of Victoria, Victoria, BC, Canada},
  volume={11},
  pages={20},
  year={2003}
}

@misc{gray_1953, title={Pulse Code Communication}, author={Gray, Frank}, year={1953}, month={Mar}}

@misc{multicool_2021, title={Package `multicool'}, author={Curran, James and Williams, Aaron and Kelleher, Jerome and Barber, Dave}, year={2021}, month={Jun}, url ={https://www.rdocumentation.org/packages/multicool/versions/0.1-12}
}

@phdthesis{williams2009shift,
  title={Shift gray codes},
  author={Williams, Aaron Michael},
  year={2009}
}
@article{greenwade93,
    author  = "George D. Greenwade",
    title   = "The {C}omprehensive {T}ex {A}rchive {N}etwork ({CTAN})",
    year    = "1993",
    journal = "TUGBoat",
    volume  = "14",
    number  = "3",
    pages   = "342--351"
}
@article{durocher2012cool,
  title={Cool-lex order and k-ary Catalan structures},
  author={Durocher, Stephane and Li, Pak Ching and Mondal, Debajyoti and Ruskey, Frank and Williams, Aaron},
  journal={Journal of Discrete Algorithms},
  volume={16},
  pages={287--307},
  year={2012},
  publisher={Elsevier}
}
@inproceedings{ruskey2008generating,
  title={Generating balanced parentheses and binary trees by prefix shifts},
  author={Ruskey, Frank and Williams, Aaron},
  booktitle={Proceedings of the fourteenth symposium on Computing: the Australasian theory-Volume 77},
  pages={107--115},
  year={2008}
}

@misc{knuth2015art,
  title={The art of computer programming: Combinatorial algorithms, vol. 4},
  author={Knuth, Donald Ervin},
  year={2015},
  publisher={Addison-Wesley}
}

@book{stanley2015catalan,
  title={Catalan numbers},
  author={Stanley, Richard P},
  year={2015},
  publisher={Cambridge University Press}
}


@inproceedings{williams2009loopless,
  title={Loopless generation of multiset permutations by prefix shifts},
  author={Williams, Aaron},
  booktitle={SODA 2009, Symposium on Discrete Algorithms},
  year={2009}
}
